@article{finn1999learning,
  title={Learning fuzzy rules from data},
  author={Finn, Gerard D},
  journal={Neural computing \& applications},
  volume={8},
  number={1},
  pages={9--24},
  year={1999},
  publisher={Springer}
}
@article{sanchez2009genetic,
  title={Genetic learning of fuzzy rules based on low quality data},
  author={S{\'a}nchez, Luciano and Couso, In{\'e}s and Casillas, Jorge},
  journal={Fuzzy Sets and Systems},
  volume={160},
  number={17},
  pages={2524--2552},
  year={2009},
  publisher={Elsevier}
}
@article{sanchez2009genetic,
  title={Genetic learning of fuzzy rules based on low quality data},
  author={S{\'a}nchez, Luciano and Couso, In{\'e}s and Casillas, Jorge},
  journal={Fuzzy Sets and Systems},
  volume={160},
  number={17},
  pages={2524--2552},
  year={2009},
  publisher={Elsevier}
}
@article{evans2014real,
  title={Real-Time Digital Signal Processing Laboratory},
  author={Evans, Brian L},
  year={2014},
  publisher={Citeseer}
}