@inproceedings{pfluger1992defuzzification,
  title={A defuzzification strategy for a fuzzy logic controller employing prohibitive information in command formulation},
  author={Pfluger, Nathan and Yen, J and Langari, R},
  booktitle={Fuzzy Systems, 1992., IEEE International Conference on},
  pages={717--723},
  year={1992},
  organization={IEEE}
}
@article{zadeh1965fuzzy,
	title={Fuzzy sets},
	author={Zadeh, Lotfi A},
	journal={Information and control},
	volume={8},
	number={3},
	pages={338--353},
	year={1965},
	publisher={Elsevier}
}
@article{yager1994essentials,
	title={Essentials of fuzzy modeling and control},
	author={Yager, Ronald R and Filev, Dimitar P},
	journal={New York},
	year={1994}
}
@misc{pierzchala1999programmable,
	title={Programmable analog array circuit},
	author={Pierzchala, Edmund and Perkowski, Marek A},
	year={1999},
	month=sep # "~28",
	publisher={Google Patents},
	note={US Patent 5,959,871}
}
@book{pierzchala2013field,
	title={Field-Programmable Analog Arrays},
	author={Pierzchala, Edmund and Gulak, Glenn and Chua, Leon and Rodr{\'\i}guez-V{\'a}zquez, Angel},
	year={2013},
	publisher={Springer Science \& Business Media}
}